@misc{autodiff,
author = {H. Martin B\"ucker and Paul D. Hovland},
title = {{Community Portal for Automatic Differentiation}},
howpublished = "\url{http://www.autodiff.org/}"
}
@misc{librairie,
author = {Jack Dongarra and Eric Grosse},
title = {{The Netlib}},
howpublished = "\url{http://www.netlib.org/}"
}

@misc{tapenade,
author = {TROPICS team},
title = {{Tapenade}},
howpublished = "\url{http://www-sop.inria.fr/tropics/}"
}


@misc{lapack,
author = {LAPACK Project},
title = {{LAPACK}},
howpublished = "\url{http://www.netlib.org/lapack/}"
}
